@book{emm,
  title={Economia Micro e Macro},
  author={Marco Antonio Sandoval De Vasconcellos},
  isbn={8524443211},
  url={www.editoraatlas.com.br},
  year={2006},
  publisher={Editora Atlas}
}

@book{bvfd,
  title={Economics},
  author={David Begg, Stanley Fischer, Rudiger Dornbusch},
  isbn={0077107756},
  year={2005},
  publisher={McGraw-Hill Higher Education}
}